
@book{ross2018introduccion,
  title={Introducci{\'o}n a la estad{\'\i}stica},
  author={Ross, Sheldom M},
  year={2018},
  publisher={Revert{\'e}}
}

@book{llinas2015introduccion,
  title={Introducci{\'o}n a la teor{\'\i}a de la probabilidad},
  author={Llin{\'a}s, Humberto},
  year={2015},
  publisher={Universidad del Norte}
}

@misc{gutierrez2012probabilidad,
  title={Probabilidad y estad{\'\i}stica enfoque por competencias},
  author={Guti{\'e}rrez-Banegas, Ana Laura},
  year={2012},
  publisher={M{\'e}xico: McGraw Gill/Interamericana editores SA de CV}
}

@article{blanco2013probabilidad,
  title={Probabilidad},
  author={Blanco Casta{\~n}eda, Liliana},
  journal={Editorial UN},
  year={2013},
  publisher={Universidad Nacional de Colombia-Facultad de Ciencias}
}


@article{ediciiindescriptiva,
  title={Descriptiva e Inferencia},
  author={Edici{\'\i}in, Quinta and Zamora, Manuel C{\'o}rdova}
}

@article{vizcaino2021importancia,
  title={Importancia del c{\'a}lculo de la sensibilidad, la especificidad y otros par{\'a}metros estad{\'\i}sticos en el uso de las pruebas de diagn{\'o}stico cl{\'\i}nico y de laboratorio},
  author={Vizca{\'\i}no-Salazar, Gilberto J},
  journal={Medicina \& laboratorio},
  volume={23},
  number={07-08},
  pages={365--386},
  year={2021}
}


@article{yerushalmy1947statistical,
  title={Statistical problems in assessing methods of medical diagnosis, with special reference to X-ray techniques},
  author={Yerushalmy, Jacob},
  journal={Public Health Reports (1896-1970)},
  pages={1432--1449},
  year={1947},
  publisher={JSTOR}
}


@article{bours2021bayes,
  title={Bayesâ€™ rule in diagnosis},
  author={Bours, Martijn JL},
  journal={Journal of Clinical Epidemiology},
  volume={131},
  pages={158--160},
  year={2021},
  publisher={Elsevier}
}

@article{mendenhall2010introduccion,
  title={Introducci{\'o}n a la probabilidad y estad{\'\i}stica},
  author={Mendenhall, William and Beaver, Robert J},
  year={2010}
}






